@article{baldi2014searching,
  title={Searching for exotic particles in high-energy physics with deep learning},
  author={Baldi, Pierre and Sadowski, Peter and Whiteson, Daniel},
  journal={Nature communications},
  volume={5},
  pages={4308},
  year={2014},
  publisher={Nature Publishing Group}
}
