@inproceedings{kennedy1995particle,
  title={Particle swarm optimization},
  author={Kennedy, James and Eberhart, Russell},
  booktitle={Proceedings of ICNN'95-International Conference on Neural Networks},
  volume={4},
  pages={1942--1948},
  year={1995},
  organization={IEEE}
}

@article{mirjalili2016whale,
  title={The whale optimization algorithm},
  author={Mirjalili, Seyedali and Lewis, Andrew},
  journal={Advances in engineering software},
  volume={95},
  pages={51--67},
  year={2016},
  publisher={Elsevier}
}

@article{mirjalili2014grey,
  title={Grey wolf optimizer},
  author={Mirjalili, Seyedali and Mirjalili, Seyed Mohammad and Lewis, Andrew},
  journal={Advances in engineering software},
  volume={69},
  pages={46--61},
  year={2014},
  publisher={Elsevier}
}

@article{mirjalili2015moth,
  title={Moth-flame optimization algorithm: A novel nature-inspired heuristic paradigm},
  author={Mirjalili, Seyedali},
  journal={Knowledge-based systems},
  volume={89},
  pages={228--249},
  year={2015},
  publisher={Elsevier}
}

@article{liang2013problem,
  title={Problem definitions and evaluation criteria for the CEC 2014 special session and competition on single objective real-parameter numerical optimization},
  author={Liang, JJ and Qu, BY and Suganthan, PN},
  journal={Computational Intelligence Laboratory, Zhengzhou University, Zhengzhou China and Technical Report, Nanyang Technological University, Singapore},
  volume={635},
  year={2013}
}
