@misc{ibm,
author="IBM",
title="IBM SPSS - Archivos muestrales",
url="\url{https://www.ibm.com/support/knowledgecenter/es/SSLVMB_sub/statistics_spsstut_project_ddita/spss/tutorials/data_files.html}"
}
