@electronic{dataset,
  title = {The Simpsons by the Data - Dataset},
  author = {Todd Schneider},
  year = {2016},
  language = {English},
  url = {https://data.world/data-society/the-simpsons-by-the-data},
  publisher = {data.world},
  timestamp = {04/04/2020}
}

@electronic{toddschneider,
title = {The Simpsons by the Data},
author = {Todd Schneider},
year = {2016},
language={English},
url = {https://toddwschneider.com/posts/the-simpsons-by-the-data/},
publisher = {Personal blog},
timestamp = {04/04/2020}
}


@article{hubs,
  title={Authoritative sources in a hyperlinked environment},
  author={Kleinberg, Jon M},
  journal={Journal of the ACM (JACM)},
  volume={46},
  number={5},
  pages={604--632},
  year={1999},
  publisher={ACM New York, NY, USA}
}
